<?xml version="1.0" encoding="UTF-8"?><collection xmlns="http://www.loc.gov/MARC21/slim"><record><leader>00424nam--2200157-i-4500</leader><controlfield tag="001">000014850</controlfield><controlfield tag="002">20161230</controlfield><controlfield tag="005">20161230201031</controlfield><controlfield tag="008">060222s1000------------r-----000-0-eng-d</controlfield><datafield ind1=" " ind2=" " tag="080"><subfield code="a">517.986.32</subfield></datafield><datafield ind1=" " ind2=" " tag="100"><subfield code="a">Arveson, William</subfield></datafield><datafield ind1=" " ind2=" " tag="245"><subfield code="a">An invitation to c-algebras</subfield></datafield><datafield ind1=" " ind2=" " tag="260"><subfield code="a">New York, Springer-verlag, 1976 X + 106 P</subfield></datafield><datafield ind1=" " ind2=" " tag="490"><subfield code="a">Graduate Texts In Mathematics</subfield></datafield><datafield ind1=" " ind2=" " tag="852"><subfield code="a">49167</subfield><subfield code="c">517.9</subfield></datafield><datafield ind1=" " ind2=" " tag="CAT"><subfield code="a">Sys</subfield><subfield code="c">20090323</subfield><subfield code="h">091407</subfield></datafield></record></collection>